<record><leader>00000cas a2200000 i 4500</leader><controlfield tag="001">846828423</controlfield><controlfield tag="006">m     o  d        </controlfield><controlfield tag="007">cr |||||||||||</controlfield><controlfield tag="008">130605d18811889ksuwr ne      0   a0eng  </controlfield><datafield ind1=" " ind2=" " tag="010"><subfield code="a">  2013218792</subfield></datafield><datafield ind1=" " ind2=" " tag="040"><subfield code="a">DLC</subfield><subfield code="b">eng</subfield><subfield code="e">rda</subfield><subfield code="c">DLC</subfield><subfield code="d">DLC</subfield><subfield code="d">OCLCF</subfield><subfield code="d">OCLCQ</subfield></datafield><datafield ind1="0" ind2=" " tag="022"><subfield code="a">2329-4027</subfield><subfield code="2">1</subfield></datafield><datafield ind1=" " ind2=" " tag="042"><subfield code="a">pcc</subfield><subfield code="a">nsdp</subfield></datafield><datafield ind1=" " ind2=" " tag="043"><subfield code="a">n-us-ks</subfield></datafield><datafield ind1="1" ind2="0" tag="050"><subfield code="a">ISSN RECORD</subfield></datafield><datafield ind1="0" ind2="0" tag="082"><subfield code="a">071</subfield><subfield code="2">23</subfield></datafield><datafield ind1="0" ind2=" " tag="130"><subfield code="a">Emporia weekly news (Online)</subfield></datafield><datafield ind1=" " ind2="4" tag="222"><subfield code="a">The Emporia weekly news</subfield><subfield code="b">(Online)</subfield></datafield><datafield ind1="1" ind2="4" tag="245"><subfield code="a">The Emporia weekly news.</subfield></datafield><datafield ind1=" " ind2="1" tag="264"><subfield code="a">Emporia, Kansas :</subfield><subfield code="b">The News Company,</subfield><subfield code="c">1881-</subfield></datafield><datafield ind1=" " ind2=" " tag="310"><subfield code="a">Weekly</subfield></datafield><datafield ind1=" " ind2=" " tag="336"><subfield code="a">text</subfield><subfield code="b">txt</subfield><subfield code="2">rdacontent</subfield></datafield><datafield ind1=" " ind2=" " tag="337"><subfield code="a">computer</subfield><subfield code="b">c</subfield><subfield code="2">rdamedia</subfield></datafield><datafield ind1=" " ind2=" " tag="338"><subfield code="a">online resource</subfield><subfield code="b">cr</subfield><subfield code="2">rdacarrier</subfield></datafield><datafield ind1="1" ind2=" " tag="362"><subfield code="a">Began with vol. 24, no. 24 (June 16, 1881); ceased with vol. 32, no. 51 (December 19, 1889).</subfield></datafield><datafield ind1=" " ind2=" " tag="580"><subfield code="a">Also published in a daily edition called: Emporia daily news, Nov. 1, 1878-Feb. 5, 1887; Evening news (Emporia, Kan.) Feb. 7, 1887-Dec. 21, 1889.</subfield></datafield><datafield ind1=" " ind2=" " tag="588"><subfield code="a">Description based on print version record.</subfield></datafield><datafield ind1=" " ind2=" " tag="588"><subfield code="a">Latest issue consulted: Vol. 32, no. 51 (December 19, 1889) (Chroniclingamerica.loc.gov, viewed June 5, 2013).</subfield></datafield><datafield ind1=" " ind2="0" tag="651"><subfield code="a">Emporia (Kan.)</subfield><subfield code="v">Newspapers.</subfield></datafield><datafield ind1=" " ind2="0" tag="651"><subfield code="a">Lyon County (Kan.)</subfield><subfield code="v">Newspapers.</subfield></datafield><datafield ind1=" " ind2="7" tag="651"><subfield code="a">Kansas</subfield><subfield code="z">Emporia.</subfield><subfield code="2">fast</subfield><subfield code="0">(OCoLC)fst01204306</subfield></datafield><datafield ind1=" " ind2="7" tag="651"><subfield code="a">Kansas</subfield><subfield code="z">Lyon County.</subfield><subfield code="2">fast</subfield><subfield code="0">(OCoLC)fst01216932</subfield></datafield><datafield ind1=" " ind2="7" tag="655"><subfield code="a">Newspapers.</subfield><subfield code="2">fast</subfield><subfield code="0">(OCoLC)fst01423814</subfield></datafield><datafield ind1=" " ind2=" " tag="752"><subfield code="a">United States</subfield><subfield code="b">Kansas</subfield><subfield code="c">Lyon</subfield><subfield code="d">Emporia.</subfield></datafield><datafield ind1="1" ind2=" " tag="775"><subfield code="t">Emporia daily news (Online)</subfield></datafield><datafield ind1="1" ind2=" " tag="775"><subfield code="t">Evening news (Emporia, Kan.) (Online)</subfield></datafield><datafield ind1="0" ind2="8" tag="776"><subfield code="i">Originally issued in print:</subfield><subfield code="t">Emporia weekly news</subfield><subfield code="x">2329-4019</subfield><subfield code="w">(DLC)sn 85030221</subfield><subfield code="w">(OCoLC)11942770</subfield></datafield><datafield ind1="0" ind2="0" tag="780"><subfield code="t">Emporia news (Online)</subfield><subfield code="x">2328-8043</subfield><subfield code="w">(DLC)  2013218775</subfield><subfield code="w">(OCoLC)841412647</subfield></datafield><datafield ind1="0" ind2="7" tag="785"><subfield code="t">Emporia democrat (Emporia, Kan. : 1882) (Online)</subfield></datafield><datafield ind1="0" ind2="7" tag="785"><subfield code="t">Weekly news-democrat (Online)</subfield></datafield><datafield ind1="4" ind2="1" tag="856"><subfield code="u">http://chroniclingamerica.loc.gov/lccn/sn85030221/issues</subfield></datafield><datafield ind1="1" ind2=" " tag="029"><subfield code="a">NZ1</subfield><subfield code="b">15124404</subfield></datafield></record>